@misc{INE,
   title={Estadística de Padrón Electoral y Lista Nominal de Electores},
   url={https://www.ine.mx/transparencia/datos-abiertos/archivo/estadistica-padron-electoral-lista-nominal-electores},
   publisher={Gobierno de México},
   year={2020},
   month={Dec}, 
   note={Base de datos}
}

@misc{Defunciones,
   title={Registro de Defunciones},
   url={http://www.dgis.salud.gob.mx/contenidos/basesdedatos/da_defunciones_gobmx.html},
   author={Rojas Peña},
   publisher={Gobierno de México},
   year={2020},
   month={Nov},
   note={Base de datos}
}
